<?xml version="1.0" encoding="UTF-8"?><collection xmlns="http://www.loc.gov/MARC21/slim"><record><leader>00337nam--2200133-i-4500</leader><controlfield tag="001">000025068</controlfield><controlfield tag="002">20161230</controlfield><controlfield tag="005">20161230201035</controlfield><controlfield tag="008">060222s1000------------r-----000-0-eng-d</controlfield><datafield ind1=" " ind2=" " tag="080"><subfield code="a">573:577.334</subfield></datafield><datafield ind1=" " ind2=" " tag="245"><subfield code="a">Free radicals in biology</subfield></datafield><datafield ind1=" " ind2=" " tag="260"><subfield code="a">New York, Academic Press, 1976- 1977 Xv + 281 P</subfield></datafield><datafield ind1=" " ind2=" " tag="700"><subfield code="a">Pryor William, A</subfield></datafield><datafield ind1=" " ind2=" " tag="852"><subfield code="a">47093</subfield></datafield></record></collection>